@article{jones2010characteristics,
  title={Characteristics of pattern formation and evolution in approximations of Physarum transport networks},
  author={Jones, Jeff},
  journal={Artificial life},
  volume={16},
  number={2},
  pages={127--153},
  year={2010},
  publisher={MIT Press One Rogers Street, Cambridge, MA 02142-1209, USA journals-info~â€¦}
}

@incollection{applegate2011traveling,
  title={The traveling salesman problem},
  author={Applegate, David L and Bixby, Robert E and Chv{\'a}tal, Va{\v{s}}ek and Cook, William J},
  booktitle={The Traveling Salesman Problem},
  year={2011},
  publisher={Princeton university press}
}
